@article{tsai:1987, 
	author={Tsai, R.}, 
	journal={Robotics and Automation, IEEE Journal of}, 
	title={{A Versatile Camera Calibration Technique for High-Accuracy 3D Machine
	 			 Vision Metrology using Off-the-Shelf TV cameras and Lenses}}, 
	year={1987}, 
	month={august }, 
	volume={3}, 
	number={4}, 
	pages={323 -344}, 
	keywords={Calibration;Machine vision;Measurement;}, 
	doi={10.1109/JRA.1987.1087109}, 
	ISSN={0882-4967},
}