@misc{3dtk:2012,
  author = "{Automation Group (Jacobs University Bremen) and 
					  Knowledge-Based Systems Group (University of Osnabr\"uck)}",
  title = {{3DTK - The 3D Toolkit}},
  howpublished = "\url{http://slam6d.sourceforge.net/}",
  note = "[Online; accessed 6-May-2012]"
}

@inproceedings{jelseberg:2011, 
author={Elseberg, J. and Borrmann, D. and Nuchter, A.}, 
booktitle={Information, Communication and Automation Technologies (ICAT), 2011 XXIII International Symposium on}, 
title={{Efficient Processing of Large 3D Point Clouds}}, 
year={2011}, 
month={oct.}, 
volume={}, 
number={}, 
pages={1 -7}, 
keywords={3D data compression;3D data storage;3D point cloud processing;3D scan matching algorithm;autonomous robot;laser scanner;mobile scanning platform;octree;shape detection algorithm;data compression;octrees;}, 
doi={10.1109/ICAT.2011.6102102}, 
ISSN={},
}

@book{bradski:2008,
  title={{Learning OpenCV: Computer Vision with the OpenCV Library}},
  author={Bradski, G. and Kaehler, A.},
  isbn={9780596516130},
  series={Software that sees},
  url={http://books.google.de/books?id=seAgiOfu2EIC},
  year={2008},
  publisher={O'Reilly}
}

@inproceedings{nuchter:2007,
 author = {Nuchter, Andreas and Lingemann, Kai and Hertzberg, Joachim},
 title = {{Cached k-d Tree Search for ICP Algorithms}},
 booktitle = {Proceedings of the Sixth International Conference on 3-D Digital Imaging and Modeling},
 series = {3DIM '07},
 year = {2007},
 isbn = {0-7695-2939-4},
 pages = {419--426},
 numpages = {8},
 url = {http://dx.doi.org/10.1109/3DIM.2007.15},
 doi = {10.1109/3DIM.2007.15},
 acmid = {1299189},
 publisher = {IEEE Computer Society},
 address = {Washington, DC, USA},
}

@inproceedings{winkelbach:2006,
 author = {Winkelbach, Simon and Molkenstruck, Sven and Wahl, Friedrich M.},
 title = {{Low-Cost Laser Range Scanner and Fast Surface Registration Approach}},
 booktitle = {Proceedings of the 28th conference on Pattern Recognition},
 series = {DAGM'06},
 year = {2006},
 isbn = {3-540-44412-2, 978-3-540-44412-1},
 location = {Berlin, Germany},
 pages = {718--728},
 numpages = {11},
 url = {http://dx.doi.org/10.1007/11861898_72},
 doi = {10.1007/11861898_72},
 acmid = {2087036},
 publisher = {Springer-Verlag},
 address = {Berlin, Heidelberg},
}

@article{matas:2000,
 author = {Matas, J. and Galambos, C. and Kittler, J.},
 title = {{Robust Detection of Lines using the Progressive 
					 Probabilistic Hough Transform}},
 journal = {Comput. Vis. Image Underst.},
 issue_date = {April 2000},
 volume = {78},
 number = {1},
 month = apr,
 year = {2000},
 issn = {1077-3142},
 pages = {119--137},
 numpages = {19},
 url = {http://dx.doi.org/10.1006/cviu.1999.0831},
 doi = {10.1006/cviu.1999.0831},
 acmid = {344582},
 publisher = {Elsevier Science Inc.},
 address = {New York, NY, USA},
}

@article{zhang:2000, 
	author={Zhang, Z.}, 
	journal={Pattern Analysis and Machine Intelligence, IEEE Transactions on}, 
	title={{A Flexible New Technique for Camera Calibration}}, 
	year={2000}, 
	month={nov}, 
	volume={22}, 
	number={11}, 
	pages={ 1330 - 1334}, 
	keywords={ 3D computer vision; camera calibration; flexible technique; maximum likelihood criterion; planar pattern; radial lens distortion; calibration; computer vision; geometry; image sensors; matrix algebra; maximum likelihood estimation; optimisation;}, 
	doi={10.1109/34.888718}, 
	ISSN={0162-8828},
}

@article{besl:1992, 
author={Besl, P.J. and McKay, H.D.}, 
journal={Pattern Analysis and Machine Intelligence, IEEE Transactions on}, title={{A Method for Registration of 3-D Shapes}}, 
year={1992}, 
month={feb}, 
volume={14}, 
number={2}, 
pages={239 -256}, 
keywords={3D shape registration;convergence;geometric entity;geometric model;iterative closest point;mean-square distance metric;pattern recognition;point set registration;computational geometry;convergence of numerical methods;iterative methods;optimisation;pattern recognition;picture processing;}, 
doi={10.1109/34.121791}, 
ISSN={0162-8828},}

@article{kiryati:1991,
 author = {Kiryati, N. and Eldar, Y. and Bruckstein, A. M.},
 title = {{A Probabilistic Hough Transform}},
 journal = {Pattern Recogn.},
 issue_date = {1991},
 volume = {24},
 number = {4},
 month = feb,
 year = {1991},
 issn = {0031-3203},
 pages = {303--316},
 numpages = {14},
 url = {http://dx.doi.org/10.1016/0031-3203(91)90073-E},
 doi = {10.1016/0031-3203(91)90073-E},
 acmid = {104026},
 publisher = {Elsevier Science Inc.},
 address = {New York, NY, USA},
}

@article{canny:1986,
 author = {Canny, J},
 title = {{A Computational Approach to Edge Detection}},
 journal = {IEEE Trans. Pattern Anal. Mach. Intell.},
 issue_date = {June 1986},
 volume = {8},
 number = {6},
 month = jun,
 year = {1986},
 issn = {0162-8828},
 pages = {679--698},
 numpages = {20},
 url = {http://dx.doi.org/10.1109/TPAMI.1986.4767851},
 doi = {10.1109/TPAMI.1986.4767851},
 acmid = {11275},
 publisher = {IEEE Computer Society},
 address = {Washington, DC, USA},
}

@article{brown:1971,
	author = {Duane C. Brown},
  title = {{Close-Range Camera Calibration}},
  journal = {Photogrammetric Engineering},
  year = {1971},
  volume = {37},
  number = {8},
  pages = {855--866}
}